2372 4100
356 781 359 784 ·
463 757 708 834 Pennino
829 705 834 712 ⁴

348 977 519 1034 PRIMAE
554 978 832 1074 EDITIONIS.

550 1289 631 1303 unu-—

90 1542 167 1607 Onu
187 1542 282 1608 hodie
300 1543 384 1608 inter
399 1567 506 1610 omnes
524 1554 648 1611 constet
669 1549 817 1614 Graeam
835 1549 1086 1615 Grammaticem

89 1647 186 1732 vulgo
211 1645 405 1712 Etonensem
427 1649 554 1728 dictam,
575 1656 609 1714 et
625 1649 740 1716 abhinc
765 1653 881 1718 saccula
903 1653 973 1740 plus
993 1657 1088 1738 quim

89 1749 155 1815 duo
193 1748 409 1833 compositam,
445 1752 633 1836 provectiori
676 1753 769 1839 hujus
801 1758 907 1822 aetatis
948 1758 1086 1824 scientiae
1126 1769 1129 1774 '

88 1872 205 1937 parum
218 1852 416 1936 respondere,
431 1853 596 1937 sperabam
612 1855 746 1918 fortasse
761 1878 812 1920 me
835 1859 1006 1924 commodis
1020 1862 1087 1947 ejus

87 1950 268 2037 provinoiae,
299 1953 348 2016 cui
377 1953 442 2017 vita
470 1961 503 2018 et
532 1956 633 2020 officio
661 1958 808 2022 addictus
837 1981 917 2038 sum,
946 1963 1087 2027 nonnihil

87 2054 328 2131 inserviturum,
339 2054 366 2119 si
387 2057 510 2121 Graecae
527 2057 640 2143 linguae
662 2058 842 2124 rudimenta
856 2068 962 2125 vetere
977 2069 1087 2127 nostro

88 2161 237 2222 Auctore
251 2157 346 2243 paulo
367 2159 488 2244 plenius
514 2167 548 2224 et
573 2162 771 2226 emendatius
794 2163 921 2227 tradere
947 2187 1085 2230 conarer.

88 2262 183 2344 Quod
207 2261 368 2326 consilium
392 2267 464 2328 cum
487 2264 647 2350 cepissem,
676 2264 793 2349 duplex
818 2263 864 2328 rei
890 2264 1086 2350 perficiendae

86 2365 258 2430 videbatur
271 2388 339 2430 esse
354 2366 446 2431 ratio.
492 2368 643 2430 Poteram
658 2366 741 2430 enim
756 2366 804 2430 vel
819 2388 932 2430 novam
948 2369 1086 2447 omnino,

87 2468 261 2532 seeundum
282 2491 321 2534 eu
335 2461 499 2554 principia,
515 2493 585 2554 quae
605 2470 832 2534 recentioribus
848 2471 1084 2548 Grammaticis,

87 2569 227 2635 maxime
247 2571 280 2633 in
304 2571 487 2648 Germania,
503 2572 640 2657 placent,
657 2573 903 2637 Grammaticam
921 2575 1084 2655 adornare,

85 2673 135 2736 vel
160 2679 300 2737 veterem
330 2673 416 2739 illem
440 2674 562 2738 mendis
590 2683 770 2761 purgatam,
799 2683 832 2740 et
861 2678 1086 2762 supplementis

85 2775 210 2839 idoneis
232 2783 370 2853 auctam,
387 2778 491 2841 denuo
508 2779 609 2842 edere.
656 2779 799 2844 Priorem
822 2780 978 2845 rationem
995 2784 1086 2848 multi

82 2880 152 2964 jam
182 2878 266 2964 iique
295 2902 358 2943 non
388 2879 506 2944 indocti
537 2881 595 2945 viri
624 2903 724 2966 nuper
749 2882 850 2946 secuti
879 2889 987 2947 erent:
1024 2906 1087 2968 quo

85 3003 246 3058 successu,
270 2981 407 3045 dixerint
432 2981 503 3045 alii:
536 2981 692 3066 posterior
711 2981 815 3045 adhuc
830 2983 985 3046 tentanda
1007 2989 1085 3048 erat.

84 3084 154 3148 Illo
181 3084 308 3167 quidem
334 3083 437 3169 specie
463 3082 632 3168 simplicior
657 3087 725 3157 est;
750 3082 865 3170 regulis
887 3082 1087 3167 paucioribus
1118 3142 1123 3150 .

83 3185 214 3258 utitur;
253 3183 279 3246 si
306 3183 419 3270 linquae
434 3183 668 3267 philosophiam,
694 3206 789 3268 quam
814 3191 940 3260 vocant,
963 3192 1087 3270 spectus

83 3289 128 3352 ad
156 3287 325 3351 veritatem
344 3287 482 3352 fortasse
505 3288 638 3371 propius
658 3287 789 3351 accedit.
835 3288 916 3350 Hoec
935 3287 1087 3354 molestiae

84 3388 277 3454 discentium
315 3410 477 3453 occurrere
517 3397 592 3452 ante
634 3389 739 3453 omnia
776 3389 862 3462 vult;
916 3387 1086 3456 subtilioris

85 3490 229 3556 scientiae
260 3491 411 3575 argutias,
442 3497 479 3554 ut
508 3513 528 3554 a
557 3512 727 3575 puerorum
761 3491 924 3576 discipline
956 3493 1085 3574 alienas,

83 3591 197 3678 procul
226 3590 355 3674 ablegat
367 3619 375 3664 ;
414 3612 520 3654 rerum
557 3591 688 3656 effectus
716 3593 817 3678 magis
852 3599 945 3678 quum
975 3618 1085 3661 causas

83 3691 235 3779 respicit;
269 3688 473 3776 simpliciores
494 3691 619 3776 regulas
641 3693 843 3758 multitudine
865 3696 1085 3779 exceptionum
