2372 4100
495 169 584 236 ‚ix

76 332 285 400 alienissimum
299 357 368 400 esse
387 331 502 416 sentio)
526 341 563 400 ut
578 334 681 399 saeouli
697 335 745 400 vel
760 335 891 420 ignaviae
906 333 954 399 vel
968 335 1067 400 laeti·

76 436 121 500 dio
134 437 294 504 indulsisse
307 438 514 502 existimarer.

82 605 85 610 .
113 540 199 621 Quod
220 541 247 604 si
269 540 348 626 quis,
368 563 408 604 ex
428 540 466 604 iis
485 561 554 624 quae
574 561 670 625 supra
692 540 769 620 dixi,
791 539 985 605 existimabit
1005 562 1056 603 me

74 639 296 708 Germanorum
322 641 612 706 Grammaticorum
636 642 750 707 merita
775 649 809 707 et
834 643 1057 706 auctoritatem

72 745 188 810 elevare
201 745 291 820 velle,
312 745 408 808 immd
423 766 486 808 non
501 745 597 810 etiam
612 745 741 809 maximi
755 746 920 824 aestimare,
940 745 972 810 id
986 752 1057 810 tan·

71 855 134 910 tum
152 869 173 912 a
191 871 265 913 vero
285 849 396 926 aberit,
411 857 458 925 ut,
481 871 532 912 me
553 848 622 933 ipso
634 838 751 932 judice,
767 850 808 912 ad
826 849 908 912 hano
923 848 1057 933 opellam

71 949 294 1036 suscipiendam
312 974 351 1016 ne
371 951 498 1014 minimd
513 950 638 1036 quidem
653 973 692 1015 ex
714 959 806 1036 parte
820 951 993 1016 instructus
1008 973 1058 1016 uc-

71 1053 234 1128 cessissem,
257 1053 318 1118 nisi
339 1054 488 1124 Virorum
510 1053 594 1118 inter
614 1076 668 1118 eos
688 1052 942 1130 clarissimorum,
964 1053 1058 1117 Butt

70 1157 171 1220 manni
191 1157 318 1234 sedicet,
339 1156 510 1232 Matthiaei‚
527 1156 710 1234 Thiersehii‚
727 1156 839 1234 Roscii,
856 1165 889 1220 et
904 1156 1057 1242 praeeipud

71 1259 220 1337 Kiihneri,
244 1281 342 1342 opera
365 1260 531 1344 diligenter
559 1260 646 1343 priris
674 1259 876 1332 evolvissem
911 1259 1002 1335 unde,
1026 1263 1058 1321 nl

69 1361 163 1441 fallor,
186 1363 388 1437 factumest,
418 1369 456 1427 ut
484 1369 571 1447 paene
601 1362 779 1426 universam
806 1363 923 1427 Graeeae
947 1364 1059 1428 Gram-

68 1465 189 1544 maticae
214 1466 388 1544 materiem,
418 1473 462 1542 et,
492 1487 559 1549 quae
592 1464 750 1542 dicuntur,
775 1465 964 1541 desiderato,
986 1471 1059 1549 post

70 1589 120 1634 eos
141 1566 357 1645 retractatum,
381 1568 531 1631 nonnulla
552 1567 658 1644 etiam,
682 1589 752 1652 quae
775 1568 827 1632 vix
848 1568 923 1632 alibi
944 1569 1059 1653 reperi·

69 1679 169 1745 antur,
198 1669 238 1734 de
262 1691 333 1734 meo
357 1670 536 1755 adjecerim.
581 1669 663 1734 Erat
688 1670 770 1734 enim
793 1693 867 1756 pars
892 1694 993 1757 neque
1014 1672 1061 1735 in-

69 1771 161 1851 utilis,
184 1773 234 1838 uti
255 1795 358 1858 spero,
380 1795 481 1857 neque
502 1773 610 1857 inepta
631 1773 785 1859 propositi
803 1774 875 1852 mei,
890 1782 926 1838 ut
947 1775 1059 1838 Gram-

68 1879 226 1956 maticam,
250 1878 434 1944 Scholarum
453 1878 560 1942 usibus
580 1877 734 1962 praecipud
757 1878 959 1954 destinatam,
981 1880 1061 1964 ejus-

69 1982 151 2045 modi
180 1975 410 2058 condonarem,
441 2003 509 2066 quae
539 2003 639 2065 neque
667 1981 766 2044 nimiu
794 1981 963 2058 videretur,
990 2003 1061 2046 oum

68 2084 145 2148 aldid
157 2084 311 2160 omitteret,
328 2103 485 2168 quamque
505 2081 627 2146 lirense
641 2082 674 2145 in
694 2103 805 2146 manus
818 2082 954 2147 libenter
971 2105 1061 2169 cape-

68 2193 147 2264 rent,
159 2187 300 2250 Veterani
314 2185 347 2247 in
362 2207 420 2268 usu
435 2184 571 2248 retinere
586 2207 649 2247 non
664 2184 918 2270 dedignarentur.

107 2289 258 2354 (leterdm
268 2287 415 2373 quicquid
429 2286 477 2350 vel
492 2294 612 2351 exactae
627 2287 776 2364 scientia,
788 2287 835 2353 v'el
844 2288 1061 2352 reconditioris

67 2391 218 2454 doctrinas
233 2390 292 2453 hoe
311 2389 493 2474 opusculum
511 2390 681 2469 contineat,
703 2391 736 2453 id
753 2390 951 2476 potissimdm
970 2392 1062 2456 fratri

65 2515 135 2558 meo
164 2493 288 2557 «loanni
311 2491 545 2569 Wordsworth,
572 2494 618 2558 M.
636 2497 680 2558 A.
707 2493 836 2579 Ooflegii
866 2495 897 2559 S.
914 2495 947 2559 S.
971 2496 1062 2560 Trin.
1097 2484 1100 2490 ’

65 2597 150 2680 apud
166 2594 261 2660 (lant.
278 2593 379 2673 Soci0,
395 2593 472 2658 Viro
487 2593 519 2656 in
540 2595 588 2658 his
603 2597 736 2675 artibus,
751 2596 778 2660 si
793 2596 964 2681 quisalius,
980 2598 1064 2662 inter

65 2697 225 2786 principes
250 2698 456 2774 numerando,
482 2706 647 2782 acceptum
674 2707 706 2764 et
732 2721 791 2784 ego
815 2699 1004 2784 gratissime,
1030 2708 1063 2764 et

64 2800 203 2866 lectores
216 2800 288 2877 mei,
304 2799 407 2876 velim,
422 2801 571 2865 referant.

805 2881 813 2899 ,1
832 2877 835 2884 ι
907 2864 931 2882 -,
953 2851 987 2892 pr*

774 2903 813 2970 (χ
834 2877 971 2968 ψῑωὸ*

102 2992 187 3040 Vento
197 2991 337 3052 Remorum,

171 3072 253 3122 Mens.
264 3074 324 3122 dnn.
340 3072 408 3122 1639.
