2368 4104
543 126 606 189 103

92 258 177 342 τρέχω
196 280 291 333 curro,
319 257 521 340 Εθρέξομαι,
546 260 588 323 A.
604 261 632 322 l.
650 260 762 341 έθρεξα,
784 257 878 323 ambo
899 257 1066 324 rarissima.

127 360 245 441 *δρέμω
269 362 310 424 Α.
326 361 357 425 2.
373 361 508 442 ἔδραμον,
535 360 574 448 Ε.
589 366 760 444 δραμοῦμαι,
788 362 826 424 Ρ.
842 360 1013 443 δεδράμηκα.

119 464 179 513 Pers.
191 465 228 513 Μ.
241 468 288 528 Ερ.
301 463 406 528 δέδρομα.

88 569 162 650 φέρω
168 571 250 654 fcr0,
275 571 354 647 *οἵω
382 568 418 633 F.
435 572 518 634 οἴσω.
544 569 649 650 Ἰ’έγιεω,
673 569 791 644 ’ἐνέπω
814 569 951 652 *ἐνέγκω
976 571 1022 634 Α.
1036 570 1066 633 1.

124 671 242 753 ἤνεγκα,
262 671 350 756 Cous.
367 673 385 754 ξ
401 673 454 738 57.
473 670 542 735 Obs.
556 674 586 734 2.
613 672 655 735 A.
671 673 701 737 2.
715 672 850 754 ἤνεγκον.
875 673 914 735 Ρ.
930 671 1067 754 ἐνήνοχα,

24 813 25 818 1
122 759 188 837 bide
204 775 221 856 ξ
238 777 291 843 59.
321 772 387 838 Obs.
403 775 434 838 3.
463 774 541 837 Ρ.Ρ.
566 773 733 857 ένῆνεγμαι,
761 776 803 838 A.
820 775 850 836 l.
866 775 904 839 P.
927 773 1064 858 ἦνέχθην,

124 875 159 939 F.
176 876 375 962 ένεχθήσομαι
389 883 423 940 et
443 876 627 957 αἰσθήσομαι.
676 879 766 942 Verb.
787 876 863 961 Adj.
879 877 978 944 οἰστός
994 875 1066 951 -έος,

123 980 207 1043 Ροὲἐ.
224 979 341 1062 φερτὸς.

84 1106 152 1186 φημὶ
183 1105 262 1182 ᾰτὶοο,
291 1105 332 1169 A.
347 1105 388 1169 ’2.
415 1109 502 1186 ἔφην.
548 1105 664 1188 φάσκω,
696 1107 778 1191 Imp.
808 1105 951 1186 έφασκον.
980 1103 1067 1177 *έπω,

121 1209 162 1270 Α.
178 1209 208 1271 2.
225 1207 319 1281 εἶπον,
350 1210 391 1271 Α.
407 1207 438 1271 1.
454 1205 532 1270 εἶτα.
577 1210 642 1287 εἴρω
657 1208 720 1295 Ep.
737 1208 812 1281 ὠίου,
845 1205 884 1272 F.
899 1208 965 1271 Ιντι.
985 1206 1067 1287 έρέω,

119 1313 183 1374 Att.
200 1313 268 1390 έρῶ.
305 1310 388 1392 *έρω,
409 1331 466 1394 per
481 1309 678 1375 Metathesin
702 1311 786 1393 *ῥέω,
813 1312 850 1374 Ρ.
867 1312 975 1392 εἴρηκα,
1001 1308 1069 1372 vida

121 1413 138 1494 ᾗ
153 1414 206 1480 59.
224 1410 293 1476 θῦε.
308 1414 339 1474 2.
363 1412 442 1474 Ρ.Ρ.
459 1413 581 1492 εἴρημαι,
603 1412 644 1475 Α.
655 1413 688 1476 1.
701 1411 739 1474 Ρ.
758 1411 891 1493 ἓῤῥήθην,
907 1409 1004 1492 οτίἰνξ
1017 1408 1068 1473 64.

123 1513 187 1578 Oba.
206 1517 237 1578 2.
266 1512 303 1576 F.
319 1511 492 1595 ῥηθήσομαι,
518 1513 555 1577 Ρ.
570 1535 601 1598 p.
619 1513 658 1578 F.
681 1513 846 1596 εἰρήσομαι.
872 1513 969 1577 Verb.
990 1512 1069 1596 Adj.

119 1619 204 1698 ρητὸς
219 1625 254 1681 et
272 1617 344 1683 -έος.

81 1745 201 1825 ιἰνέομαι
212 1766 286 1822 emo,
312 1744 349 1808 F.
366 1744 525 1824 ὠνήσομαι.
540 1746 689 1826 ’πρίαμαη
716 1744 759 1807 Α.
775 1746 806 1807 2.
822 1742 972 1826 ἐπριάμην.

335 1950 419 2037 ξ83.
437 1952 592 2040 Ξτνωοτπ
608 1949 815 2016 thnomm.

117 2089 234 2164 Verba,
252 2109 321 2173 quae
335 2086 428 2172 vulg&
445 2085 608 2171 Syneopen
623 2086 809 2164 admittunt,
824 2085 891 2150 haeo
906 2081 998 2149 su'nt:

80 2210 177 2291 ἕγεέρω
192 2208 298 2282 εποντο,
318 2210 362 2271 A.
378 2208 409 2268 2.
425 2205 473 2270 Μ.
489 2205 621 2287 ἠγρόμην
636 2225 694 2289 pro
709 2206 864 2287 ἠγερόμην.

79 2324 199 2408 ἔρχομαι
214 2324 309 2400 οσανν,
332 2325 373 2387 A.
390 2325 420 2387 2.
436 2322 529 2401 ἦλθον
544 2342 602 2406 pro
615 2322 736 2402 ἤλυθον,
752 2322 820 2387 vido
836 2325 854 2406 ξ
875 2324 928 2384 82.

77 2442 237 2522 πετάννυμι
250 2440 383 2536 extem,
399 2442 437 2504 P.
447 2442 486 2504 P.
502 2439 647 2505 πέπταται
660 2463 718 2526 pro
732 2440 901 2505 πεπέταται.

77 2560 199 2642 πέτομαι
222 2561 294 2638 ποία,
320 2559 359 2625 F.
383 2559 529 2640 πτήσομαι
547 2581 604 2644 pro
625 2558 797 2639 πετήσομαι,
825 2559 868 2621 Α.
888 2561 916 2620 2.
940 2559 1068 2638 έπτόμην

116 2686 175 2749 pro
196 2665 352 2744 έπετόμην.

78 2785 181 2856 πίπτω,
197 2804 256 2867 pro
269 2780 396 2846 *πιπέτω
411 2779 496 2859 cado,
510 2781 578 2845 vida
594 2783 611 2864 ξ
628 2783 679 2848 47.
697 2783 757 2866 (α.)

78 2908 205 2972 ἐγρόμενος
217 2924 260 2970 pro
271 2905 420 2972 ἆγερόμενος,
428 2911 457 2957 Α.
469 2909 492 2956 2.
506 2909 541 2956 Μ.
554 2909 621 2956 Part.
634 2909 694 2970 Ep„
707 2908 737 2956 ab
751 2906 835 2972 ἀγείρω
846 2911 941 2972 colligo.

78 2990 196 3040 ἀνέπαλτο
217 3007 259 3053 pro
271 2988 402 3038 ἀνεπέλετο
424 2992 453 3038 A.
465 2990 489 3040 2.
502 2991 537 3038 M.
550 2991 580 3038 ab
746 2987 873 3039 δναπέλλω
883 3006 981 3038 sursum
992 2993 1067 3039 vibra.

78 3071 208 3132 ἐκεπλέμην
217 3087 259 3134 pro
269 3067 454 3131 ἐκεκελόμην,Α.
466 3071 490 3119 2.
503 3086 557 3119 cum
571 3070 683 3132 Redupl.,
697 3069 770 3118 Hom.
783 3087 797 3118 ιι
808 3071 907 3132 κέλομαι
910 3069 994 3134 jubeo.

79 3149 182 3212 ἐλέγμην
216 3167 260 3213 pro
277 3150 394 3211 ἐλεγέμην
424 3153 455 3200 A.
464 3153 487 3199 2.
496 3153 532 3200 Μ.
544 3153 642 3217 (declin.
650 3152 807 3216 quasiPlusq.
819 3155 892 3213 Pers„
901 3156 924 3202 3.
936 3169 987 3216 per.
998 3154 1066 3218 Sing.

110 3233 205 3291 ἔλεκτο,
218 3235 333 3294 Imperat.
345 3231 409 3295 λέξο,
420 3233 458 3282 vel
468 3232 547 3300 λέξεο)
559 3251 574 3283 α
752 3233 853 3296 λέγομαι
864 3236 929 3284 cubo.

78 3316 153 3365 ἐέκπον
219 3332 261 3380 pro
273 3314 477 3379 ἐοέκατον2ροη.
488 3319 561 3365 Dunl.
573 3317 635 3366 Perf.
648 3317 684 3364 M.
696 3317 726 3364 ab
759 3318 812 3366 ε’έιεω
823 3319 912 3365 videor.

80 3398 171 3460 ἐοιγμεν
218 3414 260 3461 pro
272 3396 379 3458 ἐοίκαμεν
393 3399 402 3446 l
416 3413 477 3460 pers.
491 3399 555 3446 Plur.
567 3399 629 3446 Perf.
642 3399 678 3446 M.
690 3398 720 3445 ab
754 3400 807 3447 εἵκω
818 3401 907 3447 videor.

80 3479 200 3540 ἐπέπιθμεν
218 3495 260 3543 pro
270 3478 423 3542 ἐπεπέθειμεν,
436 3480 447 3528 1
458 3495 519 3541 pers.
529 3481 596 3528 Plur.
608 3479 712 3540 Pluperf.
722 3479 751 3527 ab
762 3478 904 3540 ἐπιπείθομαι
916 3480 1003 3528 obedio.

80 3561 179 3625 ἔπεφνον
216 3577 259 3624 pro
268 3560 388 3623 ἐπέφενον,
401 3566 430 3609 Α.
442 3562 466 3608 2.
478 3575 532 3608 cum
545 3561 646 3623 Redupl.
657 3561 717 3624 Ep„
730 3578 745 3609 a
755 3559 832 3624 2φένιι
843 3564 930 3611 occido.

80 3643 162 3703 ἐρῦμην
219 3658 262 3704 pro
274 3639 372 3706 ἐροόμην
383 3642 480 3703 Imperf.
493 3641 522 3689 ab
672 3640 888 3705 ἐρύομαιοιιττοιέὶο,
902 3644 1065 3707 Ιαῖ.ἐρῦαθαι.

82 3719 207 3786 νέπριιγμεν
218 3738 261 3785 pro
275 3721 421 3786 πεπράγαμεν
435 3723 445 3769 l
460 3737 522 3785 pers.
533 3722 599 3769 Plur.
611 3723 671 3770 Perf.
685 3723 721 3768 M.
734 3739 748 3770 a
764 3720 837 3784 πράξω
848 3713 933 3771 τΙαοιο.
