2368 4104
499 170 644 214 nunntnl.

76 291 90 354 §
106 286 137 343 3.
158 284 267 342 10ch

117 383 199 457 ponit
212 387 229 439 ὅ
242 402 294 458 pro
307 409 329 450 ς,
361 391 393 441 nt
406 386 493 454 τέμνω
506 404 558 460 pro
571 389 663 457 τέμνω,
679 393 760 443 κτανῶ
773 404 824 464 pro
839 391 927 446 κτενῶ.

210 503 227 534 ²
246 511 287 522 -
306 504 333 551 ν,
361 488 393 538 ut
405 484 553 555 μεσαμβρίη
570 484 638 556 (·⁰)·

210 600 223 632 ε
246 607 287 618 -
306 580 332 642 ἅ,
359 584 391 634 ut
405 579 500 651 κέρεος,
515 579 606 645 ὄπέον,
623 582 757 655 τέσσερας,
770 581 848 647 ὄπέυ,
863 580 990 646 ι’τίστςαι,
1004 579 1072 632 πλα-

402 677 511 733 νέονται.

212 794 227 840 η
254 803 294 813 -
314 781 340 838 ἃ,
361 780 394 829 ut
407 773 496 846 ἡμέρη,
510 777 578 844 λίην,
592 775 713 848 πρησσω,
728 774 811 849 ἠέρος.

212 893 229 938 ,η
256 901 296 912 -
316 869 392 936 enin
405 870 471 927 Dat.
486 871 561 930 Plur.
577 872 666 930 Foem.
680 872 780 945 μοι’νσης
793 891 844 947 pro
857 869 976 943 μούσαις.

212 991 222 1022 ι
253 999 294 1009 -
313 991 335 1034 ε,
363 967 438 1025 utin
453 970 522 1039 ίστίη
535 989 586 1043 pro
599 971 672 1041 ἑστίη
686 971 741 1028 hoc
755 980 798 1028 est
813 993 852 1026 ·n.

215 1087 229 1118 ς
253 1095 294 1112 -
314 1087 344 1132 ο,
365 1072 398 1121 ut
412 1066 456 1136 ζοη
469 1085 521 1140 pro
536 1069 601 1137 ξυνίῃ
623 1069 704 1141 λαγὸς
716 1084 769 1143 pro
783 1068 879 1140 λαγὼς.

213 1186 234 1217 υ
254 1193 295 1203 -
314 1170 398 1226 ov,ut
411 1157 446 1218 οἶν
459 1183 510 1238 pro
524 1161 579 1221 ου’ν.

212 1280 294 1327 ηυ-
313 1267 395 1324 onut
409 1265 468 1331 νηῦς
481 1280 533 1335 pro
547 1266 615 1320 ναῦς.

214 1369 245 1408 ου
254 1386 296 1397 -
317 1378 341 1422 ο,
367 1365 399 1414 nt
411 1361 506 1428 μοῦνος
518 1378 570 1433 pro
584 1363 661 1430 μόνος
669 1382 678 1426 3
699 1365 789 1434 κοῦρος
802 1379 853 1436 pro
868 1361 950 1435 topos.

212 1474 297 1506 ινυ-
317 1463 396 1522 cnut
408 1456 497 1528 θῶυμα
509 1475 561 1531 pro
574 1459 666 1528 θαῦμα.

214 1574 229 1606 κ
255 1583 296 1593 -
314 1575 344 1624 χ,
364 1561 397 1609 nt
410 1555 513 1624 δέκομαι
526 1573 577 1629 pro
592 1555 708 1626 δέχομαι.

216 1648 309 1704 lenem
323 1649 451 1724 spiritum
464 1668 516 1724 pro
530 1669 640 1725 aspero,

123 1751 285 1824 transponit
298 1750 459 1824 aspiratam,
471 1759 502 1807 nt
512 1753 589 1807 κιθὼν
598 1770 650 1826 pro
658 1751 754 1822 χιτὼν,
775 1751 883 1808 ἐνθαῦτα
895 1769 948 1827 pro
958 1749 1075 1806 ἐνταῦθα.

123 1848 266 1906 contrahit
279 1871 307 1904 εο
320 1848 350 1904 in
369 1871 407 1918 ου,
421 1857 453 1906 ut
465 1849 580 1915 πλέονες,
594 1853 702 1906 πλεῦνες
709 1871 718 1918 ;
740 1849 857 1905 ποιέουσι
872 1853 953 1906 -εὓσα

282 1969 312 2014 οη
322 1979 362 1987 -
372 1971 401 2010 ο,
421 1946 450 2002 in
464 1947 557 2004 medio
571 1947 730 2011 verborum,
745 1955 777 2004 nt
790 1950 879 2014 ἔβυσα
892 1964 943 2021 pro
961 1946 1075 2014 &florium

454 2045 539 2100 ένωσα
564 2060 616 2117 pro
643 2045 755 2114 ἐνόησας
790 2045 894 2111 έβώθεε,
922 2044 1076 2120 ὀγδώκοντα,

155 2207 159 2214 ‚
458 2141 571 2202 Homer.
586 2161 637 2217 pro
651 2142 761 2213 έβοήθιι,
775 2142 939 2217 ὀγδοήκοντα.

124 2237 222 2312 abjicit
235 2261 248 2292 ς
261 2236 291 2294 in
305 2240 387 2303 οἰκὼς,
402 2240 474 2312 ὁρτὴ,
489 2243 594 2312 φοβέαι,
609 2241 680 2314 ἢγέο.

237 2337 433 2409 ι-ιίπόδεξις,
448 2338 588 2408 ἐπιτήδεος,
602 2340 682 2409 βαθέη
698 2337 792 2414 (Ερμ)

123 2434 224 2492 inserit
237 2458 249 2489 ε
262 2443 328 2492 ante
341 2434 457 2509 longam
469 2435 596 2494 vocalem

249 2533 300 2604 (α.)
322 2533 352 2592 in
374 2533 517 2594 nonnullis
539 2533 635 2591 Genit.
659 2533 762 2608 quintae
787 2529 988 2604 Declinationis
1012 2537 1077 2586 anto

328 2655 357 2696 ο,
377 2639 460 2706 atque
481 2631 510 2687 in
531 2629 607 2689 οὗτος
626 2641 656 2689 et
675 2633 761 2696 αὐτὸς,
782 2636 847 2688 ante
867 2626 1078 2685 terminationes

326 2727 436 2804 longas,
451 2737 483 2786 ut
496 2729 616 2802 ἆνδρέων,
631 2729 735 2794 αὐτέων,
750 2729 866 2782 τουτέου.

248 2823 301 2896 (b.)
323 2824 352 2880 in
365 2825 467 2891 verbiS,
481 2833 514 2887 ut
530 2827 627 2890 ίστέᾱς,
642 2827 752 2888 τνπτέω,
770 2825 924 2896 χρεώμενος,
945 2823 1077 2895 δυνέυμαι.

247 2944 263 2976 a
277 2921 306 2977 in
320 2921 480 2982 Verborum
494 2930 576 2978 term.
590 2929 656 2978 ante
670 2943 710 2987 το,
726 2928 757 2978 ut
772 2921 922 2988 έβοολέατο.

123 3016 241 3074 resolvit
261 3018 462 3095 Diphthongos
484 3027 512 3076 et
534 3019 727 3076 circumflexss
749 3017 870 3075 vocales.
907 3017 968 3075 Vid.
991 3017 1080 3092 p.5l.

127 3115 195 3172 Οίς.
207 3115 235 3173 9.

124 3212 232 3287 patitur
248 3212 374 3277 Hiatum,
388 3220 420 3270 nt
434 3214 536 3285 φιλέειν
549 3230 601 3286 pro
615 3215 692 3284 φιλῇ.

124 3328 179 3366 usu
198 3311 432 3376 contractionum,
450 3318 479 3366 et
497 3309 660 3386 paragogici
674 3332 688 3364 ν
701 3308 865 3382 plerumque
879 3305 1019 3371 abstinet;
1049 3313 1081 3370 ut

80 3414 153 3466 πᾶσι
178 3411 259 3480 ἔλεξα
281 3427 333 3484 pro
356 3413 437 3465 πᾶσιν
458 3408 555 3482 &icem
585 3405 734 3463 nonnullas
757 3413 854 3460 tamen
876 3404 1082 3462 contractiones

81 3511 172 3567 amnt,
188 3502 288 3578 quibus
306 3509 391 3565 etiam
411 3508 506 3565 Attica
525 3505 694 3570 abstinebat,
708 3511 741 3561 ut
753 3503 825 3575 Ἰρίς,
839 3501 917 3575 ‘ipsis
934 3519 986 3576 pro
1006 3504 1081 3576 ἱερὸς,

82 3602 168 3675 ἱερεὺς
179 3624 187 3666 ;
216 3603 356 3678 praeoipue
380 3605 603 3667 contractionem
627 3626 657 3673 οη
678 3603 707 3660 in
728 3625 748 3656 ω
768 3601 798 3656 in
819 3599 911 3656 medio
931 3600 1082 3658 verborum

82 3705 153 3770 βοᾶν
174 3707 203 3758 et
225 3705 299 3769 νοεῖν,
316 3711 349 3760 ut
367 3705 489 3760 έννενῶκα
508 3721 560 3781 pro
579 3703 718 3772 έννενόηκα.
742 3697 822 3772 Conf.
841 3697 917 3766 544.
936 3697 1000 3753 Obs.
1015 3696 1043 3753 6.
