2372 4100
560 25 582 94 6

111 198 113 202 ’
150 186 153 193 ’
234 219 419 283 srrnrrus,
439 218 642 274 susurrus
665 219 720 272 rr
740 217 902 277 runem.

108 317 162 383 Ad
176 317 287 384 Graece
300 286 472 406 legendum
487 326 521 385 et
536 321 736 385 scribendum
750 320 819 385 haec
833 317 1004 406 pertinent.

112 451 129 532 b
146 451 177 513 5.
198 447 308 512 Omnis
328 447 445 512 vocalis
467 455 500 513 et
514 470 578 513 nna
600 471 776 514 consonans
790 475 807 531 p
822 447 855 512 iu
875 447 967 546 initio¹
984 448 1073 513 vocis

69 573 141 616 cum
161 550 281 636 Spiritu
301 550 539 638 pronunciatur,
555 553 639 637 quod
658 553 736 616 nott
757 554 853 638 suprt
874 573 945 616 eam
966 551 1073 638 positi

70 652 238 719 indicatur.

115 782 256 846 Srmrrus
271 782 387 868 duplex
401 788 460 860 cst,
475 782 553 849 lenis
568 789 601 848 et
615 805 718 869 asper.

114 885 146 948 1.
163 883 256 946 Lenis
272 883 316 948 sic
333 882 383 968 (')
400 891 541 964 notatur,
558 890 594 949 ut
605 884 638 948 in
652 887 721 966 ὄρος
734 905 824 948 mccc.

114 991 144 1051 2.
161 991 279 1073 Asper,
298 988 352 1073 qui
374 990 507 1054 eandem
525 1011 564 1053 ac
580 989 697 1053 Latina
714 989 808 1053 litera
824 987 858 1052 H
877 993 1076 1073 potestatem

71 1091 170 1156 hebet
185 1094 234 1175 (et
251 1091 478 1176 antiquissimis
495 1091 690 1177 temporibus
712 1092 824 1156 eodem
844 1091 940 1155 modo
959 1090 1076 1156 scribe

72 1193 195 1276 batur),
211 1193 255 1258 sic
273 1192 301 1276 (³
313 1197 337 1274 ),
352 1195 437 1259 utin
452 1197 520 1277 ὄρος
530 1195 686 1270 temtans,
700 1193 775 1274 ἡρως
788 1192 880 1256 leros.
1114 1277 1118 1284 .

116 1294 156 1358 Iu
171 1294 375 1380 diphthongis
390 1295 516 1380 spiritur
530 1317 627 1380 supra
640 1293 848 1380 posteriorem
863 1293 1003 1358 vocalem
1018 1315 1077 1379 pc·
1095 1303 1099 1305 ’

74 1397 179 1473 nitur;
203 1398 287 1465 utin
303 1399 387 1466 εὐθυς
400 1399 511 1476 actim,
527 1401 588 1466 ctos
602 1397 711 1484 quatis.

118 1501 236 1565 Omnes
250 1522 341 1565 voces
355 1500 541 1586 incipientes
555 1501 597 1565 ab
611 1527 629 1564 υ
645 1500 693 1565 vel
706 1527 724 1583 p
738 1499 933 1585 aspirantur,
947 1504 985 1562 ut
998 1500 1077 1580 ὕδωρ
1117 1537 1120 1542 -

75 1623 166 1688 aqua,
181 1605 275 1686 ῥητωρ
290 1601 397 1667 rhetor.
436 1632 437 1638 ι

108 1733 168 1783 Oba.
187 1731 290 1796 Spiritds
304 1731 440 1780 differentia
450 1746 627 1793 nonuunquam
638 1733 728 1794 pendet
742 1747 772 1781 cx
780 1729 904 1790 Dialectis,
916 1745 1021 1794 quarum
1029 1727 1080 1780 alia

75 1816 191 1878 quasdam
201 1830 271 1864 voces
281 1829 336 1862 cum
347 1828 439 1876 aspero,
450 1811 497 1860 clia
511 1829 566 1861 cum
577 1812 626 1862 leui
636 1813 749 1862 libentius
763 1813 944 1876 pronuntiabat,
959 1813 993 1862 sic
1003 1811 1081 1876 vulgo

74 1898 153 1959 Aitna,
165 1893 244 1944 Attus
255 1895 339 1953 Ἅιδης.
370 1893 508 1944 Proesertim
518 1895 560 1943 ubi
575 1894 604 1943 fit
617 1895 721 1944 mrrutio
731 1895 864 1956 literarum,
880 1895 978 1958 spiritus
991 1895 1081 1958 parium

75 1978 118 2027 sibi
138 1984 242 2036 constat,
260 1986 285 2026 et
301 1976 388 2040 saepihs
404 1991 473 2038 asper
488 1976 576 2025 transit
592 1976 619 2024 iu
633 1976 725 2033 lencm,
741 1977 775 2025 sic
790 1975 867 2035 ἣλιος,
883 1973 966 2026 Ῑωιίσὲ
980 1975 1081 2034 terrosi

76 2061 137 2123 turc,
148 2059 239 2108 AEolicl
249 2059 327 2120 ὔμμιν.
361 2057 425 2106 Vide
434 2058 506 2121 plura
516 2057 543 2106 in
553 2058 701 2122 Appendice,
713 2073 765 2122 cap.
777 2059 801 2106 «l.

122 2190 140 2273 §
157 2185 189 2254 6.
212 2185 385 2254 Accauruu
397 2181 514 2263 etiam,
530 2189 595 2254 sive
612 2187 740 2276 syllabae
758 2194 882 2266 tonum,
901 2208 993 2253 voces
1012 2186 1081 2252 lere

78 2291 615 2379 singulaeinscriptnm1habeut,qui
629 2315 725 2376 supra
735 2292 859 2356 vocales
873 2290 1023 2376 ponitnr3
1047 2290 1082 2355 in

79 2395 283 2482 diphthongis
297 2400 405 2465 autern
419 2415 514 2480 supra
528 2395 667 2460 vocalem
681 2394 899 2480 posteriorem.

121 2499 314 2575 Accentnst
330 2499 393 2562 duo
408 2505 493 2572 sunt,
511 2496 635 2563 Acutus
651 2495 712 2580 (¹),
726 2503 759 2562 et
770 2495 997 2562 Oircumllexus
1011 2497 1044 2578 (⁶
1055 2499 1080 2579 ).

80 2603 204 2668 Acutus
219 2608 326 2666 antem
341 2601 374 2665 in
388 2601 450 2668 fine
465 2601 624 2680 dictionis,
640 2599 700 2666 nisi
715 2607 791 2665 ante
805 2607 969 2685 punctum,
979 2599 1083 2665 inver-

80 2704 172 2782 titur,
187 2702 230 2768 sic
248 2702 309 2788 (³).

123 2806 285 2872 Accentus
299 2806 412 2870 cadere
427 2806 546 2872 mavult
561 2803 594 2869 in
609 2803 865 2871 terminationem
881 2802 1000 2883 Vocis3
1020 2825 1083 2871 vnec

80 2925 215 2990 usquam
229 2904 370 2990 rejicitur
385 2925 404 2968 a
419 2905 492 2981 fine,
507 2905 534 2968 si
548 2905 683 2984 Acutus,
699 2905 784 2970 ultra
798 2905 1084 2992 antepenultimam

83 3009 243 3095 syllabam,
259 3007 286 3071 si
301 3007 536 3086 (lircumflexus,
552 3008 637 3073 ultra
651 3009 866 3094 penultimam.

128 3163 145 3246 t
163 3163 192 3229 7.
216 3157 411 3224 Puucroauru
425 3159 509 3225 ratio
529 3161 640 3226 eadem
655 3168 704 3226 est
724 3168 821 3247 atque
843 3161 876 3225 iu
892 3161 980 3226 libris
992 3161 1086 3228 hodi·-

83 3264 176 3344 crnis,
191 3263 251 3328 nisi
270 3264 355 3349 quod
376 3264 438 3328 duo
460 3269 571 3327 nostra
588 3263 678 3328 colon
697 3270 731 3328 et
750 3264 919 3328 semicolon
938 3264 999 3329 hdc
1017 3287 1086 3330 uno

84 3369 173 3454 signo
190 3369 224 3450 (·)
242 3372 411 3439 notentnr3
436 3365 549 3429 deinde
564 3365 650 3450 quod
669 3373 746 3431 nota
765 3365 1023 3452 interrogationis
1038 3368 1087 3434 sic

85 3475 126 3555 (ς)
142 3471 316 3548 scribatur3
338 3469 586 3548 exclamationis,
601 3491 664 3533 non
679 3469 879 3555 appingatnr.
913 3495 917 3508 ·

242 3659 261 3724 †
273 3658 407 3714 Acceutds
419 3659 523 3729 regulas
535 3658 596 3740 ride
607 3659 636 3714 in
647 3658 810 3730 Appendice,
822 3678 880 3731 cap.
893 3675 919 3733 5.
972 3659 974 3663 ’
