2372 4100
584 56 605 116 2

132 201 184 285 (b.)
204 201 314 269 Litora
328 230 349 287 γ
363 210 439 268 aute
454 227 484 286 γ,
502 231 527 278 κ,
542 229 575 288 χ,
592 211 618 284 ξ,
640 210 793 290 tanquam
808 231 825 270 ν
842 204 1084 292 pronuntiatum

88 313 123 372 ut
138 307 170 369 in
180 307 451 394 dyystoscnpclcs,
468 307 602 390 συγκοπὴ
613 309 763 394 Synccpo,
777 307 925 393 Ἀγχίσης
935 308 1086 386 enolto,

90 411 187 493 Σφὶγξ
202 409 334 494 Spltc'nc.

136 524 188 604 (c.)
214 521 343 607 Syllaba
364 547 392 586 τι
413 526 489 586 ante
510 520 658 600 vocalem,
681 527 722 604 nt
740 521 773 586 in
794 522 928 587 Γαλατία
952 521 1087 600 Galatia,

92 631 204 690 contra
217 646 338 690 morem
351 622 465 690 Latine
480 625 604 711 legendi
613 647 737 710 semper
751 625 818 690 sine
829 624 1006 690 sibilatione
1020 645 1089 712 pro·

93 728 267 794 nuntiatur.

124 839 184 890 obs.
198 842 219 890 l.
231 840 361 890 Veteribus
373 839 464 889 Grecis
474 840 549 890 litera
560 841 662 890 fuerunt
673 843 769 891 tantum
780 841 881 891 sedecim
893 856 995 890 numero
1006 858 1021 888 α
1028 843 1045 896 β
1052 843 1092 901 ys

93 929 180 970 esst
189 940 208 982 μ
222 940 260 975 ro
273 939 399 985 πρστσ
418 939 478 986 quas
499 926 527 970 s'n
550 925 667 972 Gratiam
685 927 795 973 intulisse
816 940 829 974 e
847 925 960 972 Phoenice
979 924 1093 972 Cadmum

93 1001 214 1064 tertiaeet,
225 1013 279 1066 post
287 1006 443 1065 Herodotum,
451 1020 475 1052 v.
485 1005 526 1064 58,
535 1005 575 1052 59.
587 1006 686 1053 Plinius
697 1005 730 1054 Η.
742 1005 774 1053 Ν.
783 1003 824 1052 vii.
835 1004 876 1062 56,
888 1004 960 1067 idque
970 1019 1000 1052 ex
1011 1017 1094 1051 earum

93 1069 178 1146 forma,
195 1085 285 1146 ordine,
302 1101 330 1134 ac
344 1085 484 1134 nominibus
500 1085 700 1134 verisimillimum
716 1087 820 1136 videtur.
851 1086 936 1142 Postea
952 1085 982 1156 ab
999 1083 1095 1133 aliisae

95 1167 228 1228 prasertim
242 1183 257 1214 a
272 1155 394 1216 Simonide
408 1164 479 1231 (nam
490 1167 520 1216 de
532 1167 659 1216 Palamede
672 1177 696 1217 et
708 1167 854 1231 Epicharmo
869 1167 1006 1216 testimonia
1016 1166 1096 1215 minos

96 1249 218 1312 constant)
233 1250 332 1312 adjecta
349 1251 437 1297 sunt't
452 1256 471 1309 φ
485 1245 694 1311 χ-(ξψ-ηας
719 1267 771 1313 qua
790 1259 873 1299 tamen
891 1235 1011 1303 non'tam
1033 1263 1098 1297 nova

96 1330 222 1380 literamm
232 1331 351 1380 menta
361 1339 419 1379 sunt
429 1330 547 1390 habenda,
559 1331 631 1392 quam
641 1347 672 1380 ex
684 1321 859 1395 antiquioribus
870 1331 1098 1394 simplicioribusqus
1170 1349 1171 1352 ¹

98 1413 173 1475 siguis
189 1413 336 1475 compositas
352 1412 427 1461 literas
444 1412 511 1460 enim
527 1414 541 1459 θ
557 1420 576 1473 φ
593 1429 621 1474 χ,
638 1429 690 1475 qua
709 1413 825 1461 dicuntur
840 1416 960 1476 aspirare,
976 1429 1008 1462 ex
1023 1412 1099 1462 literis

99 1495 212 1544 tenuibus
226 1513 242 1543 r
260 1513 279 1542 π
296 1513 318 1556 κ,
333 1493 426 1557 adjettb
443 1493 595 1556 aspiratione,
611 1503 670 1543 sunt
687 1494 810 1552 formatoe;
834 1504 887 1543 tum
902 1497 1008 1557 duplices
1025 1492 1099 1555 ζξψ

99 1593 130 1625 ex
149 1575 229 1640 aliqud
247 1585 372 1626 mutarum
389 1592 445 1624 cum
463 1591 480 1623 σ
498 1575 647 1638 compositoe3
668 1575 770 1638 denique
786 1577 875 1625 vocales
891 1594 907 1635 η
923 1595 941 1624 α
960 1587 1010 1624 non
1027 1575 1100 1624 ubam

100 1665 242 1722 potestatem
252 1658 343 1707 habent
353 1659 425 1720 quam
439 1659 560 1727 producta
573 1655 648 1706 litera
660 1675 672 1704 ε
683 1675 696 1705 o
711 1657 832 1722 (Lennep.
844 1660 918 1706 Asel.
934 1674 958 1721 p.
970 1659 1010 1706 30.
1029 1657 1101 1706 Cous.

103 1743 168 1790 Plct.
183 1741 275 1800 Crctpl.
287 1745 299 1800 5
310 1740 350 1798 91,
360 1737 435 1802 114);
452 1741 518 1788 unde
528 1738 657 1788 verisimile
666 1739 799 1788 catharum
811 1740 921 1788 omnium
930 1740 981 1787 vim
991 1740 1063 1788 antea
1075 1740 1102 1788 in

102 1815 298 1886 pronuntiatione
313 1821 431 1870 exstitisse
449 1820 533 1884 (Bcnt
544 1821 616 1868 Ptat
634 1837 658 1883 p.
671 1819 740 1882 241).
774 1821 822 1869 His
838 1822 934 1870 accedat
947 1822 1104 1884 aspirationis

102 1906 210 1968 signum,
222 1905 286 1966 quod
297 1903 442 1966 antiquiores
452 1902 539 1963 ,creet
554 1901 624 1965 plane
635 1910 663 1950 ut
675 1901 758 1950 Latini
770 1901 865 1950 Groecos
877 1902 973 1964 imitati,
988 1902 1066 1951 forms
1077 1903 1104 1950 Η

108 1986 201 2046 (eadem
216 1985 304 2034 scilicet
320 2001 373 2046 quae
389 1984 471 2046 postea
489 1983 564 2034 literoe
584 1983 659 2032 vicem
674 1982 758 2046 gessit)
780 1993 955 2046 expresserunt.
990 1979 1106 2034 Ceterum

103 2069 246 2118 recentiores
255 2077 308 2116 octo
317 2067 392 2116 litera
404 2067 508 2130 primum
519 2067 546 2113 in
558 2065 636 2123 Ionii,
648 2081 676 2114 ac
686 2064 804 2128 prsecipud
815 2065 896 2122 Samo,
908 2077 1040 2128 usurpata,
1051 2081 1108 2129 per-

100 2148 188 2214 agrata
202 2150 289 2199 dehinc
300 2149 402 2207 creuit,
418 2148 538 2210 postremo
552 2149 650 2196 tandem
665 2149 730 2210 apud
743 2147 838 2196 Atticos
851 2147 994 2196 auctoritate
1009 2148 1108 2211 publiod

105 2239 204 2295 reccptae
215 2240 280 2294 sunt,
292 2232 413 2279 Archontc
424 2231 533 2288 Euclide,
548 2229 581 2276 A.
594 2229 622 2278 C.
634 2229 700 2277 4032
716 2231 782 2277 unde
796 2229 884 2292 viginti
900 2238 1004 2292 quatuor
1017 2230 1108 2289 literas,

109 2315 165 2375 (hoc
174 2322 218 2374 est,
229 2322 308 2363 totum
319 2311 503 2376 Alphabetum,)
517 2309 549 2358 rb
560 2309 651 2359 Ἰωνικὰ
661 2308 798 2374 γράμματα,
810 2311 957 2375 antiquiores
967 2313 1025 2361 verb
1039 2315 1108 2362 sede·

105 2396 153 2446 eim
169 2393 200 2443 τὰ
212 2394 318 2456 Ἀττικὰ,
332 2394 494 2443 distinctionis
509 2391 581 2442 cassat
596 2392 720 2456 appellata
735 2401 800 2442 sunt.
836 2393 908 2452 Quod
922 2395 978 2442 verb
995 2394 1068 2444 hodie
1083 2397 1110 2443 in

106 2478 221 2536 Homero,
233 2475 370 2539 ceterisque
381 2475 553 2538 antiquissimis
564 2474 732 2538 Scriptoribus.
748 2474 791 2538 qui
806 2474 873 2537 prius
887 2475 1022 2524 flomevunt
1034 2477 1112 2539 quam

105 2559 191 2622 plenus
201 2559 241 2607 bic
251 2559 377 2607 literarum
388 2559 446 2606 ordo
454 2567 562 2620 repertus
572 2565 616 2616 est,
626 2557 728 2605 eandam
739 2555 943 2620 orthographiam,
949 2573 1023 2619 qnam
1035 2559 1063 2606 in
1074 2574 1112 2606 re-

106 2641 240 2691 centiorum
252 2641 391 2699 Grmcornm
402 2639 504 2700 scriptis,
521 2636 667 2693 invenimus,
678 2637 703 2684 id
715 2635 884 2686 Grammaticis
895 2638 1055 2687 tribuendum
1065 2649 1113 2696 est,

107 2723 148 2786 qui
157 2723 208 2784 jam
218 2722 276 2769 olim
287 2729 396 2770 veterum
404 2721 534 2768 Podtarum
545 2735 618 2782 opera
627 2719 779 2768 refinxensnt
790 2719 819 2766 ad
830 2734 885 2768 eam
896 2719 1014 2769 scribendi
1021 2719 1113 2784 legem,

107 2819 161 2868 qna
172 2803 279 2866 ipsorum
289 2802 436 2865 temporibus
447 2802 545 2865 vigeret
565 2801 794 2864 Lenaep.Anal.p.
806 2801 845 2848 st.
929 2791 931 2794 ’

141 2892 199 2941 Oba
211 2895 233 2940 2.
249 2891 278 2939 ln
290 2888 549 2953 antiquissimttingut
559 2889 606 2938 tria
616 2888 664 2937 alia
674 2889 792 2938 elementa
802 2891 957 2946 exstiterunt,
970 2906 1022 2952 quae
1035 2890 1115 2938 inusi-

109 2983 160 3024 tata
181 2973 269 3036 postet,
287 2988 302 3020 a
322 2972 490 3021 Grammaticis
512 2973 640 3021 dumtaxat
656 2971 720 3020 inter
739 2971 809 3034 signa
827 2971 961 3020 numeralia
979 2971 1117 3034 (ἐπισήμων

110 3055 218 3119 nomine)
238 3061 407 3103 recensentur:
424 3053 475 3102 hnc
489 3062 547 3102 sunt
565 3053 585 3101 l.
601 3059 622 3114 f,
638 3053 694 3113 Βαῢ,
711 3055 774 3110 Voce,
790 3053 847 3112 sive,
864 3061 893 3101 ut
909 3069 924 3100 a
941 3052 1118 3104 Grammaticis

111 3148 207 3202 propter
224 3137 327 3183 sormam
344 3135 489 3198 appellatum
507 3143 552 3194 est,
570 3135 706 3196 Dipcmmc,
724 3134 805 3183 addito
823 3133 964 3197 cognomine
981 3137 1118 3188 AEolieasm

110 3221 174 3284 qudd
185 3218 295 3267 AEolibus
305 3217 395 3265 diutim
406 3217 478 3280 quarn
493 3217 577 3266 ceteris
591 3217 618 3264 in
628 3233 674 3265 usu
690 3216 801 3278 perstitit.
835 3215 918 3264 Etiam
930 3215 1032 3264 Homeri
1044 3225 1120 3266 aetate

110 3302 219 3354 nondum
230 3299 363 3356 interierat,
375 3307 399 3348 et
410 3299 436 3345 in
447 3300 499 3360 ejus
510 3298 656 3346 carminibus
667 3297 729 3346 recte
740 3297 877 3346 constitutis
888 3313 960 3346 suum
967 3297 1051 3346 locum
1060 3300 1121 3360 jura

112 3384 225 3433 vindieat
262 3382 329 3431 Idem
343 3383 407 3443 apud
418 3380 519 3430 Latinos
533 3381 584 3430 ferd
600 3396 642 3444 per
655 3381 680 3429 V
690 3379 850 3446 exprimitur3
866 3388 896 3428 ut
910 3379 937 3428 in
948 3377 1019 3439 fs'ass
1030 3381 1120 3438 Velia,

106 3464 353 3598 Ιαἲῗναῖιασα,ἵςνὲσ.
398 3461 555 3525 delthae.
598 3455 903 3528 supervideret.
927 3459 992 3524 (Lat.
1006 3463 1053 3512 Gr.
1067 3467 1080 3524 9
1095 3464 1118 3510 l.

115 3541 127 3595 ἦ
155 3538 194 3584 02.
342 3545 346 3552 '

160 3625 276 3690 Literae
291 3629 365 3690 sunt
380 3624 428 3692 vel
443 3623 586 3703 Vocales,
600 3625 648 3690 vel
663 3623 889 3692 Consonantes.
969 3691 973 3718 ι
