2372 4100
540 163 541 168 '
568 181 590 246 s

112 344 189 426 §Q
204 344 342 408 Vocnms
357 347 431 406 sunt
445 345 585 427 septem
610 368 630 406 c
645 367 660 405 ε
674 367 692 421 η
708 357 749 405 ιό
764 367 782 406 v
797 363 838 404 o:
861 361 995 426 quarum

124 469 234 535 breves
291 475 365 536 suut
381 496 426 535 εο
470 475 507 533 ut
549 473 637 552 χαΐρέ
649 470 739 547 soloe,
762 471 853 536 πόνός
867 469 962 534 labor.

124 570 227 658 longae
301 610 344 622 -
380 600 435 654 ηω
468 579 506 636 ut
548 571 729 652 ripn-bonor,
752 573 847 636 τύπτῶ
862 571 989 636 celero.

549 679 635 756 σῶμᾶ
644 697 761 762 corpus,
782 675 875 759 ἡμέριῐ
889 677 964 754 dies,

125 777 281 863 ancipites
306 817 349 827 —
385 806 457 848 otc
471 787 508 845 ut
548 779 696 859 pirinaei,
721 779 961 864 xpnntrfundus,

550 886 644 966 γλυκῦ
658 882 754 962 dulce,
777 883 949 968 &conjuro

127 1004 181 1068 Ex
194 1005 243 1070 his
261 1005 420 1072 vocalibus
434 1009 482 1076 ita
500 1011 686 1097 conjunctis,
702 1017 739 1075 ut
754 1036 764 1075 ι
778 1011 827 1076 vel
841 1038 858 1077 υ
872 1033 995 1097 semper
1014 1032 1083 1097 pos-

78 1103 218 1168 teriores
242 1105 317 1182 sint,
344 1105 545 1178 Drruuuoncr
569 1112 715 1175 Paormn
738 1109 820 1176 liunt
843 1118 937 1188 oct03
969 1136 1009 1185 αι,
1036 1137 1082 1186 ov,

79 1227 421 1282 mmmmmm

76 1390 93 1422 ⁶
106 1371 197 1436 quum
207 1390 230 1421 ω
242 1372 330 1422 mini
342 1375 370 1424 fit
386 1343 723 1472 {pipttsmagpcp'silppdfflj
736 1417 764 1458 ut
775 1410 832 1459 Atos
842 1411 916 1472 Ajoc.

411 1505 442 1537 au
454 1499 511 1538 ante
521 1501 699 1550 consonantem,
711 1500 739 1540 ut
750 1493 854 1540 Γλαῦκος
867 1493 980 1541 Glaucus.

412 1570 442 1602 av
452 1565 511 1604 ante
521 1555 636 1614 vocalem,
647 1565 677 1605 ut
686 1557 786 1618 Τιμαῦοι
801 1559 921 1606 Timavus.
970 1585 971 1588 =

205 1539 234 1569 r
250 1545 315 1560 -··
384 1491 404 1618 l

210 1685 231 1717 a
250 1695 316 1706 .-
385 1637 464 1764 {iut
473 1639 560 1687 Νεῖλος
572 1639 656 1688 Nilus.

412 1712 465 1752 sut
476 1701 567 1760 Μήδεια
580 1706 679 1753 Medea.

208 1833 234 1864 a
250 1843 315 1854 --
387 1786 405 1914 l

413 1800 443 1832 eu
455 1795 512 1834 ante
522 1794 701 1845 consonantem,
712 1795 741 1834 ut
750 1783 822 1849 Εὖρος
833 1785 924 1835 Eurus.

413 1866 443 1899 av
453 1859 510 1898 ante
521 1851 633 1911 venalem,
644 1861 673 1900 ut
685 1852 799 1914 Εὔανδρος
810 1853 931 1905 Evander.

211 1950 232 1980 οι
254 1959 319 1970 --
414 1947 437 1979 oe
446 1940 476 1980 ut
487 1930 587 1980 Βοιωτία
598 1933 693 1981 Boectio
707 1932 771 1996 (raro
782 1934 814 1995 oj,
825 1941 854 1982 ut
865 1931 945 1996 Τροία,
961 1933 1055 1996 Trojs.)

208 2032 235 2062 ov
252 2039 319 2050 —
418 2020 475 2061 uut
487 2015 572 2060 Μοῦσα
585 2016 670 2062 Musa.

212 2114 235 2144 vr
253 2121 318 2132 —-
420 2093 611 2159 yiutnnetsum
621 2095 730 2160 Ilttnym.
746 2095 811 2161 (Lat.
823 2097 866 2144 Gr.
877 2100 898 2156 ξ.
911 2097 951 2144 98.
962 2103 982 2157 t.
995 2097 1047 2157 99.)
1114 2105 1117 2112 ’

132 2201 197 2266 His
217 2203 372 2266 accedunt
392 2209 458 2266 tres
472 2200 625 2266 vocalium
644 2201 879 2287 conjunctiones
898 2201 943 2266 sic
963 2202 1088 2288 scriptae

80 2335 114 2394 p,
134 2332 163 2386 ῃ,
181 2331 222 2391 ῳ;
247 2306 307 2369 hoc
327 2310 385 2382 est,
408 2326 480 2368 cum
500 2331 521 2380 ι,
543 2306 718 2390 posteriore
737 2305 848 2381 vocali,
870 2328 934 2370 non
953 2307 1090 2392 amplius

80 2409 249 2485 adlatus,
271 2408 356 2493 quod
378 2408 452 2471 olim
474 2430 597 2492 semper
618 2407 686 2472 fieri
709 2409 831 2474 solebat
847 2409 958 2492 (immb
980 2409 1090 2474 etiam-

81 2534 169 2578 num
197 2510 237 2576 fit
257 2511 322 2575 ubi
351 2511 451 2574 literis
484 2511 658 2574 uncialibus
692 2510 866 2594 scribitur),
897 2512 953 2574 sed
982 2511 1091 2576 subter

81 2614 215 2703 positat3
248 2621 286 2679 ut
309 2597 342 2677 iri
369 2619 409 2699 τῷ
425 2617 504 2700 καλῷ
527 2613 664 2686 loncst0,·
695 2613 795 2678 literis
818 2613 993 2678 uncialibus
1018 2617 1091 2676 ΤΩΙ

84 2722 242 2784 ΚΑΛΩΙ;
266 2717 313 2781 ito
330 2723 377 2795 ut,
397 2722 558 2801 potestate
574 2715 853 2801 Diphthongorum
873 2715 970 2792 salvi,
991 2715 1093 2801 figura

81 2832 203 2888 tamen
217 2818 405 2894 amittatur,
430 2820 512 2884 unde
523 2819 703 2882 Inraorruu
713 2819 912 2883 Drrnruoucr
926 2816 1092 2907 appellntae

84 2929 182 2990 sunt.

124 3052 189 3100 obs.
200 3050 222 3098 1.
239 3048 363 3097 Nimirum
374 3048 443 3098 litera
455 3067 462 3096 ι
473 3065 528 3104 cum
538 3065 553 3096 a
562 3049 722 3098 recentiorum
732 3049 823 3112 linguis
834 3049 861 3097 in
871 3049 912 3098 illa
922 3051 984 3109 sede,
996 3050 1041 3100 hoc
1051 3059 1095 3109 ost,

83 3141 148 3200 post
158 3131 256 3194 longam
268 3129 383 3186 vocalem,
397 3131 440 3178 vix
455 3130 607 3192 pronuntiari
618 3139 705 3192 posset,
716 3130 767 3180 loco
777 3130 851 3180 etiam
866 3133 949 3181 cedero
959 3141 1040 3181 coacta
1050 3142 1095 3182 cst.

85 3217 162 3266 Hinc
173 3212 261 3262 mnne
277 3213 422 3276 ιιτραγῳδὸι
436 3213 559 3275 antiquius
573 3213 715 3263 factumest
733 3215 861 3274 trspoedus,
876 3215 993 3264 recentius
1009 3215 1065 3262 verb
1081 3230 1095 3262 a

84 3293 221 3362 προσῳδία,
231 3295 308 3344 formb
319 3294 470 3358 Diphthongi
482 3296 578 3344 domum
590 3294 683 3356 amisse,
696 3297 820 3343 Procodic.

124 3385 190 3435 Oba.
204 3385 227 3432 2.
252 3385 325 3432 Nona
344 3384 517 3448 Diphthongus
535 3404 566 3434 ωυ
584 3401 627 3448 pro
647 3404 676 3434 as
695 3387 759 3448 apud
782 3385 873 3434 Ionicos
891 3385 1015 3448 scriptores
1036 3385 1096 3434 solos

87 3467 232 3531 reperitur3
249 3475 277 3515 ut
288 3467 375 3514 ἑωινιοῦ
386 3483 429 3529 pro
440 3468 532 3516 ἑαυτοῦ.

139 3572 281 3646 Vocalis‚
298 3571 362 3636 sive
377 3573 507 3666 syllaba,
523 3571 639 3637 dicitur
653 3595 744 3657 pura,
755 3594 847 3658 quam
860 3571 962 3637 altera
972 3573 1096 3649 vocalis,

91 3672 145 3738 val
169 3670 396 3760 diphthongus,
420 3672 562 3758 proxime
586 3673 736 3756 praecedit
748 3697 757 3748 ;
788 3673 880 3737 utin
902 3675 995 3755 σοφία
1015 3674 1098 3758 sapi-

88 3776 180 3842 entis
196 3801 215 3838 a
230 3781 279 3839 est
293 3796 383 3859 pura,
399 3774 431 3838 in
446 3776 555 3840 δίκαιος
562 3772 665 3856 justus
679 3799 710 3840 ος
725 3779 773 3836 est
787 3794 877 3858 pura.

612 3895 631 3934 s
644 3875 665 3934 2
